<?xml version="1.0" encoding="UTF-8"?><collection xmlns="http://www.loc.gov/MARC21/slim"><record><leader>00423nam--2200145-i-4500</leader><controlfield tag="001">000029974</controlfield><controlfield tag="002">20161230</controlfield><controlfield tag="005">20161230201038</controlfield><controlfield tag="008">060222s1000------------r-----000-0-eng-d</controlfield><datafield ind1=" " ind2=" " tag="040"><subfield code="a">IFIN-HH</subfield></datafield><datafield ind1=" " ind2=" " tag="080"><subfield code="a">518.2</subfield></datafield><datafield ind1=" " ind2=" " tag="245"><subfield code="a">Luarea deciziilor in intreprinderi</subfield></datafield><datafield ind1=" " ind2=" " tag="260"><subfield code="a">BUCURESTI, INSTITUTUL NATIONAL DE INFORMARE SI DOCUMENTARE STIINTIFICA SI TEHNICA, 1973, 53 p</subfield></datafield><datafield ind1=" " ind2=" " tag="852"><subfield code="a">39571</subfield><subfield code="c">518.2</subfield></datafield><datafield ind1=" " ind2=" " tag="CAT"><subfield code="a">Sys</subfield><subfield code="c">20090804</subfield><subfield code="h">082824</subfield></datafield></record></collection>